@Manual{R-aTSA,
  title = {aTSA: Alternative Time Series Analysis},
  author = {Debin Qiu},
  year = {2015},
  note = {R package version 3.1.2},
  url = {https://CRAN.R-project.org/package=aTSA},
}
@Manual{R-base,
  title = {R: A Language and Environment for Statistical Computing},
  author = {{R Core Team}},
  organization = {R Foundation for Statistical Computing},
  address = {Vienna, Austria},
  year = {2018},
  url = {https://www.R-project.org/},
}
@Manual{R-bookdown,
  title = {bookdown: Authoring Books and Technical Documents with R Markdown},
  author = {Yihui Xie},
  year = {2018},
  note = {R package version 0.8},
  url = {https://CRAN.R-project.org/package=bookdown},
}
@Manual{R-dynlm,
  title = {dynlm: Dynamic Linear Regression},
  author = {Achim Zeileis},
  year = {2019},
  note = {R package version 0.3-6},
  url = {https://CRAN.R-project.org/package=dynlm},
}
@Manual{R-forecast,
  title = {forecast: Forecasting Functions for Time Series and Linear Models},
  author = {Rob Hyndman and George Athanasopoulos and Christoph Bergmeir and Gabriel Caceres and Leanne Chhay and Mitchell O'Hara-Wild and Fotios Petropoulos and Slava Razbash and Earo Wang and Farah Yasmeen},
  year = {2018},
  note = {R package version 8.4},
  url = {https://CRAN.R-project.org/package=forecast},
}
@Manual{R-ggplot2,
  title = {ggplot2: Create Elegant Data Visualisations Using the Grammar of Graphics},
  author = {Hadley Wickham and Winston Chang and Lionel Henry and Thomas Lin Pedersen and Kohske Takahashi and Claus Wilke and Kara Woo and Hiroaki Yutani},
  year = {2019},
  note = {R package version 3.2.0},
  url = {https://CRAN.R-project.org/package=ggplot2},
}
@Manual{R-knitr,
  title = {knitr: A General-Purpose Package for Dynamic Report Generation in R},
  author = {Yihui Xie},
  year = {2019},
  note = {R package version 1.23},
  url = {https://CRAN.R-project.org/package=knitr},
}
@Manual{R-quantmod,
  title = {quantmod: Quantitative Financial Modelling Framework},
  author = {Jeffrey A. Ryan and Joshua M. Ulrich},
  year = {2018},
  note = {R package version 0.4-13},
  url = {https://CRAN.R-project.org/package=quantmod},
}
@Manual{R-rmarkdown,
  title = {rmarkdown: Dynamic Documents for R},
  author = {JJ Allaire and Yihui Xie and Jonathan McPherson and Javier Luraschi and Kevin Ushey and Aron Atkins and Hadley Wickham and Joe Cheng and Winston Chang and Richard Iannone},
  year = {2018},
  note = {R package version 1.11},
  url = {https://CRAN.R-project.org/package=rmarkdown},
}
@Manual{R-rugarch,
  title = {rugarch: Univariate GARCH Models},
  author = {Alexios Ghalanos},
  year = {2018},
  note = {R package version 1.4-0},
  url = {https://CRAN.R-project.org/package=rugarch},
}
@Manual{R-timeDate,
  title = {timeDate: Rmetrics - Chronological and Calendar Objects},
  author = {Diethelm Wuertz and Tobias Setz and Yohan Chalabi and Martin Maechler and Joe W. Byers},
  year = {2018},
  note = {R package version 3043.102},
  url = {https://CRAN.R-project.org/package=timeDate},
}
@Manual{R-timeSeries,
  title = {timeSeries: Rmetrics - Financial Time Series Objects},
  author = {Diethelm Wuertz and Tobias Setz and Yohan Chalabi},
  year = {2017},
  note = {R package version 3042.102},
  url = {https://CRAN.R-project.org/package=timeSeries},
}
@Manual{R-TTR,
  title = {TTR: Technical Trading Rules},
  author = {Joshua Ulrich},
  year = {2018},
  note = {R package version 0.23-4},
  url = {https://CRAN.R-project.org/package=TTR},
}
@Manual{R-urca,
  title = {urca: Unit Root and Cointegration Tests for Time Series Data},
  author = {Bernhard Pfaff},
  year = {2016},
  note = {R package version 1.3-0},
  url = {https://CRAN.R-project.org/package=urca},
}
@Manual{R-xts,
  title = {xts: eXtensible Time Series},
  author = {Jeffrey A. Ryan and Joshua M. Ulrich},
  year = {2018},
  note = {R package version 0.11-2},
  url = {https://CRAN.R-project.org/package=xts},
}
@Manual{R-zoo,
  title = {zoo: S3 Infrastructure for Regular and Irregular Time Series (Z's
Ordered Observations)},
  author = {Achim Zeileis and Gabor Grothendieck and Jeffrey A. Ryan},
  year = {2018},
  note = {R package version 1.8-4},
  url = {https://CRAN.R-project.org/package=zoo},
}
